
@article{ Garfinkel-2013,
    author    = "Cahim~I. Garfinkel and Darryn~W. Waugh",
    title     = "The Effect of Troposheric Jet Latitude on Coupling between the Stratospheric Polar Vortex and the Troposphere",
    journal   = "Journal of Climate",
    volume   = "26",
    pages    = "2077-2094",
    year      = "2013",
    month    = "March",
}

@article{ Hovmoeller-1949,
    author    = "Ernest Hovm{\"o}ller",
    title     = "The Trough-and-Ridge diagram",
    journal   = "Tellus Series A: Dynamic Meteorology and Oceanography",
    volume   = "1",
    number   = "2",
    pages    = "62-66",
    year      = "1949",
    month    = "May",
}

@article{Wallace-2014,
    author    = "John~M. Wallace and Isaac~M. Held and David W.~J. Thompson and Kevin~E. Trenberth and John~E. Walsh",
    title     = "Global Warming and Winter Weather",
    journal   = "Science",
    volume   = "343",
    number   = "",
    pages    = "729-730",
    year      = "2014",
    month    = "February",
}

@article{Petoukhov-2013,
    author    = "Petoukhov, Vladimir and Rahmstorf, Stefan and Petri, Stefan and Schnellnbuber, Hans Joachim",
    title     = "Quasiresonant amplification of planetary waves and recent Northern Hemisphere weather extremes",
    journal   = "PNAS",
    volume   = "110",
    number   = "14",
    pages    = "5536-5341",
    year      = "2013",
    month    = "April",
}

@article{Francis-2012,
    author = {Francis, Jennifer~A. and Vavrus, Stephen~J.},
    title = {Evidence linking Arctic amplification to extreme weather in mid-latitudes},
    journal = {Geophysical Research Letters},
    volume = {39},
    number = {6},
    issn = {1944-8007},
    url = {http://dx.doi.org/10.1029/2012GL051000},
    doi = {10.1029/2012GL051000},
    pages = {n/a--n/a},
    keywords = {Sea ice, Cryospheric change, Climate change and variability, Ocean/atmosphere interactions, Arctic amplification, extreme weather, sea ice},
    year = {2012},
    note = {L06801},
}

@article {Barnes-2013,
author = {Barnes, Elizabeth~A.},
title = {Revisiting the evidence linking Arctic amplification to extreme weather in midlatitudes},
journal = {Geophysical Research Letters},
volume = {40},
number = {17},
issn = {1944-8007},
url = {http://dx.doi.org/10.1002/grl.50880},
doi = {10.1002/grl.50880},
pages = {4734--4739},
keywords = {Sea ice, Climate change and variability, Synoptic-scale meteorology, Arctic amplification, Rossby waves, blocking, sea ice},
year = {2013},
}

@article{Francis-2015,
  author={Jennifer~A. Francis and Stephen~J. Vavrus},
  title={Evidence for a wavier jet stream in response to rapid Arctic warming},
  journal={Environmental Research Letters},
  volume={10},
  number={1},
  pages={014005},
  url={http://stacks.iop.org/1748-9326/10/i=1/a=014005},
  year={2015}
}

@book{Abramowitz-1972,
  title={Handbook of Mathematical Functions With Formulas, Graphs, and Mathematical Tables},
  author={Abramowitz, Milton and Stegun, Irene A and others},
  volume={10},
  year={1972},
  publisher={Dover, New York}
}

@book{spanier-1987,
  title={An atlas of functions},
  author={Spanier, Jerome and Oldham, Keith B.},
  year={1987},
  publisher={Taylor \& Francis/Hemisphere}
}

@article{molnos-2017,
  title={A network-based detection scheme for the jet stream core},
  author={Molnos, Sonja and Mamdouh, Tarek and Petri, Stefan and Nocke, Thomas and Weinkauf, Tino and Coumou, Dim},
  journal={Earth System Dynamics},
  volume={8},
  number={1},
  pages={75},
  year={2017}
}

@book{bronstein-2006,
  title={Taschenbuch der Mathematik, 6. vollständig überarbeitete und erweiterte Auflage},
  author={Bronstein, Ilja N and Semendjajew, Konstantin A and Musiol, Gerhard and M{\"u}hlig, Heiner},
  journal={Verlag Harri Deutsch},
  pages={1195},
  year={2006}
}

@Manual{R-2017,
  title        = {R: A Language and Environment for Statistical Computing},
  author       = {{R Core Team}},
  organization = {R Foundation for Statistical Computing},
  address      = {Vienna, Austria},
  year         = 2017,
  url          = {https://www.R-project.org}
}

@Manual{ncdf4-2017,
  title = {ncdf4: Interface to Unidata netCDF (Version 4 or Earlier) Format Data Files},
  author = {David Pierce},
  year = {2017},
  note = {R package version 1.16},
  url = {https://CRAN.R-project.org/package=ncdf4},
}

@Manual{chron-2017,
  title = {chron: Chronological Objects which Can Handle Dates and Times},
  author = {David James and Kurt Hornik},
  year = {2017},
  note = {R package version 2.3-50. S original by David James, R port by Kurt Hornik.},
  url = {https://CRAN.R-project.org/package=chron},
}

@Manual{foreach-2015,
  title = {foreach: Provides Foreach Looping Construct for R},
  author = {Revolution Analytics and Steve Weston},
  year = {2015},
  note = {R package version 1.4.3},
  url = {https://CRAN.R-project.org/package=foreach},
}

@Manual{doParallel-2015,
  title = {doParallel: Foreach Parallel Adaptor for the 'parallel' Package},
  author = {Revolution Analytics and Steve Weston},
  year = {2015},
  note = {R package version 1.0.10},
  url = {https://CRAN.R-project.org/package=doParallel},
}

@Manual{rootSolve-2009,
  title = {rootSolve: Nonlinear root finding, equilibrium and steady-state analysis of ordinary differential equations},
  year = {2009},
  author = {Karline Soetaert},
  note = {R package version 1.6},
} 

@Article{igraph-2006,
  title = {The igraph software package for complex network research},
  author = {Gabor Csardi and Tamas Nepusz},
  journal = {InterJournal},
  volume = {Complex Systems},
  pages = {1695},
  year = {2006},
  url = {http://igraph.org},
}
  
@Article{reshape2-2007,
  title = {Reshaping Data with the {reshape} Package},
  author = {Hadley Wickham},
  journal = {Journal of Statistical Software},
  year = {2007},
  volume = {21},
  number = {12},
  pages = {1--20},
  url = {http://www.jstatsoft.org/v21/i12/},
}
  
@Book{ggplot2-2009,
  author = {Hadley Wickham},
  title = {ggplot2: Elegant Graphics for Data Analysis},
  publisher = {Springer-Verlag New York},
  year = {2009},
  isbn = {978-0-387-98140-6},
  url = {http://ggplot2.org},
}
  
@Manual{rstudio-2016,
  title = {RStudio: Integrated Development Environment for R},
  author = {{RStudio Team}},
  organization = {RStudio, Inc.},
  address = {Boston, MA},
  year = {2016},
  url = {http://www.rstudio.com/},
}

@Book{python-2016,
  title = {A Whirlwind Tour of Python},
  author = {Jake VanderPlas (O’Reilly)},
  year = {2016},
  isbn = {978-1-491-96465-1},
  publisher = {O’Reilly Media, Inc.},
}

@Manual{cdo-2015,
  title = {Climate Data Operators},
  author = {CDO},
  year = {2015},
  url = {https://www.mpimet.mpg.de/cdo},
  }
  
@Manual{ecmwfapi,
  title = {Python client for ECMWF web services API},
  author = {ECMWF},
  year = {2017},
  url = {https://software.ecmwf.int/wiki/display/WEBAPI/Access+ECMWF+Public+Datasets},
  note = {library version 1.4.3},
}
    
﻿@article {dee-2011,
  author = {Dee, D. P. and Uppala, S. M. and Simmons, A. J. and Berrisford, P. and Poli, P. and Kobayashi, S. and Andrae, U. and Balmaseda, M. A. and Balsamo, G. and Bauer, P. and Bechtold, P. and Beljaars, A. C. M. and van de Berg, L. and Bidlot, J. and Bormann, N. and Delsol, C. and Dragani, R. and Fuentes, M. and Geer, A. J. and Haimberger, L. and Healy, S. B. and Hersbach, H. and Hólm, E. V. and Isaksen, L. and Kållberg, P. and Köhler, M. and Matricardi, M. and McNally, A. P. and Monge-Sanz, B. M. and Morcrette, J.-J. and Park, B.-K. and Peubey, C. and de Rosnay, P. and Tavolato, C. and Thépaut, J.-N. and Vitart, F.},
  title = {The ERA-Interim reanalysis: configuration and performance of the data assimilation system},
  journal = {Quarterly Journal of the Royal Meteorological Society},
  volume = {137},
  number = {656},
  publisher = {John Wiley & Sons, Ltd.},
  issn = {1477-870X},
  url = {http://dx.doi.org/10.1002/qj.828},
  doi = {10.1002/qj.828},
  pages = {553--597},
  keywords = {ERA-40, 4D-Var, hydrological cycle, stratospheric circulation, observations, forecast model},
  year = {2011},
}

@article {uppala-2005,
  author = {Uppala, S. M. and KÅllberg, P. W. and Simmons, A. J. and Andrae, U. and Bechtold, V. Da Costa and Fiorino, M. and Gibson, J. K. and Haseler, J. and Hernandez, A. and Kelly, G. A. and Li, X. and Onogi, K. and Saarinen, S. and Sokka, N. and Allan, R. P. and Andersson, E. and Arpe, K. and Balmaseda, M. A. and Beljaars, A. C. M. and Berg, L. Van De and Bidlot, J. and Bormann, N. and Caires, S. and Chevallier, F. and Dethof, A. and Dragosavac, M. and Fisher, M. and Fuentes, M. and Hagemann, S. and Hólm, E. and Hoskins, B. J. and Isaksen, L. and Janssen, P. A. E. M. and Jenne, R. and Mcnally, A. P. and Mahfouf, J.-F. and Morcrette, J.-J. and Rayner, N. A. and Saunders, R. W. and Simon, P. and Sterl, A. and Trenberth, K. E. and Untch, A. and Vasiljevic, D. and Viterbo, P. and Woollen, J.},
  title = {The ERA-40 re-analysis},
  journal = {Quarterly Journal of the Royal Meteorological Society},
  volume = {131},
  number = {612},
  publisher = {John Wiley & Sons, Ltd.},
  issn = {1477-870X},
  url = {http://dx.doi.org/10.1256/qj.04.176},
  doi = {10.1256/qj.04.176},
  pages = {2961--3012},
  keywords = {Data assimilation, Numerical weather prediction, Observing system},
  year = {2005},
}

@article{rikus-2015,
  author = {Lawrie Rikus},
  title = {A simple climatology of westerly jet streams in global reanalysis datasets part 1: mid-latitude upper tropospheric jets},
  journal={Climate Dynamics},
  pages={1--26},
  year={2015},
  publisher={Springer},
}

@article{dijkstra-1959,
  title={A note on two problems in connexion with graphs},
  author={Dijkstra, Edsger W},
  journal={Numerische Mathematik},
  volume={1},
  number={1},
  pages={269--271},
  year={1959},
  publisher={Springer}
}

@article{kruskal-1956,
  title={On the shortest spanning subtree of a graph and the traveling salesman problem},
  author={Kruskal, Joseph B},
  journal={Proceedings of the American Mathematical society},
  volume={7},
  number={1},
  pages={48--50},
  year={1956},
  publisher={JSTOR}
}

@misc{sii-2016,
  title={Sea Ice Index, Version 2},
  author={Fetterer, F. and Knowles, K. and Meier, W and Savoie, M. and Windnagel, A. K.},
  year={2016},
  publisher={NSIDC: National Snow and Ice Data Center},
  url = {https://nsidc.org/data/docs/noaa/g02135_seaice_index/},
  doi = {10.7265/N5736NV7},
  note= {Zugriff am 01.07.2017},
}
  
  @Article{lubridate-2011,
    title = {Dates and Times Made Easy with {lubridate}},
    author = {Garrett Grolemund and Hadley Wickham},
    journal = {Journal of Statistical Software},
    year = {2011},
    volume = {40},
    number = {3},
    pages = {1--25},
    url = {http://www.jstatsoft.org/v40/i03/},
  }
