
@book{abramowitz-1972,
    title={Handbook of Mathematical Functions With Formulas, Graphs, and Mathematical Tables},
    author={Abramowitz, Milton and Stegun, Irene A and others},
    volume={10},
    year={1972},
    publisher={Dover, New York}
}

@book{atlas-2014,
    title={Atlas der Globalisierung},
    subtitle={Weniger wird mehr},
    author={Bauer, Barbara and D'Aprile, Dorothee},
    publisher={Le Monde Diplomatique and Kolleg Postwachstumsgesellschaften},
    year={2014},
}

@article {barnes-2013-a,
    author = {Barnes, Elizabeth~A.},
    title = {Revisiting the evidence linking Arctic amplification to extreme weather in midlatitudes},
    journal = {Geophysical Research Letters},
    volume = {40},
    number = {17},
    issn = {1944-8007},
    url = {http://dx.doi.org/10.1002/grl.50880},
    doi = {10.1002/grl.50880},
    pages = {4734--4739},
    year = {2013},
}

@article{barnes-2013-b,
    author = {Elizabeth A. Barnes and Lorenzo Polvani},
    title = {Response of the Midlatitude Jets, and of Their Variability, to Increased Greenhouse Gases in the CMIP5 Models},
    journal = {Journal of Climate},
    volume = {26},
    number = {18},
    pages = {7117-7135},
    year = {2013},
    doi = {10.1175/JCLI-D-12-00536.1},
    URL = {https://doi.org/10.1175/JCLI-D-12-00536.1}
}

@article{barnes-2014,
    title={Exploring recent trends in Northern Hemisphere blocking},
    author={Barnes, Elizabeth A and Dunn-Sigouin, Etienne and Masato, Giacomo and Woollings, Tim},
    journal={Geophysical Research Letters},
    volume={41},
    number={2},
    pages={638--644},
    year={2014},
    publisher={Wiley Online Library}
}

@book{bronstein-2006,
    title={Taschenbuch der Mathematik, 6. vollständig überarbeitete und erweiterte Auflage},
    author={Bronstein, Ilja N and Semendjajew, Konstantin A and Musiol, Gerhard and M{\"u}hlig, Heiner},
    publisher={Verlag Harri Deutsch},
    pages={1195},
    year={2006}
}

@Manual{cdo-2015,
    title = {Climate Data Operators},
    author = {CDO},
    year = {2015},
    url = {https://www.mpimet.mpg.de/cdo},
}

@article {chemke-2015,
    author = {Chemke, R. and Kaspi, Y.},
    title = {Poleward migration of eddy-driven jets},
    journal = {Journal of Advances in Modeling Earth Systems},
    volume = {7},
    number = {3},
    issn = {1942-2466},
    url = {http://dx.doi.org/10.1002/2015MS000481},
    doi = {10.1002/2015MS000481},
    pages = {1457--1471},
    year = {2015},
}

@Manual{chron-2017,
    title = {chron: Chronological Objects which Can Handle Dates and Times},
    author = {David James and Kurt Hornik},
    year = {2017},
    note = {R package version 2.3-50. S original by David James, R port by Kurt Hornik.},
    url = {https://CRAN.R-project.org/package=chron},
}

@article{cohen-2014,
    author = {Cohen, Judah and Screen, James and Furtado, Jason and Barlow, Mathew and Whittleston, David and Coumou, Dim and Francis, Jennifer and Dethloff, Klaus and Entekhabi, Dara and Overland, James and Jones, Justin},
    year = {2014},
    journal={Nature geoscience},
    month = {08},
    pages = {627-637},
    title = {Recent Arctic amplification and extreme mid-latitude weather},
    volume = {7},
    booktitle = {Nature Geoscience}
}

@article{coumou-2015,
    author = {Coumou, Dim and Lehmann, Jascha and Beckmann, Johanna},
    title = {The weakening summer circulation in the Northern Hemisphere mid-latitudes},
    volume = {348},
    number = {6232},
    pages = {324--327},
    year = {2015},
    doi = {10.1126/science.1261768},
    publisher = {American Association for the Advancement of Science},
    issn = {0036-8075},
    URL = {http://science.sciencemag.org/content/348/6232/324},
    eprint = {http://science.sciencemag.org/content/348/6232/324.full.pdf},
    journal = {Science}
}

@article {dee-2011,
    author = {Dee, D. P. and Uppala, S. M. and Simmons, A. J. and Berrisford, P. and Poli, P. and Kobayashi, S. and Andrae, U. and Balmaseda, M. A. and Balsamo, G. and Bauer, P. and Bechtold, P. and Beljaars, A. C. M. and van de Berg, L. and Bidlot, J. and Bormann, N. and Delsol, C. and Dragani, R. and Fuentes, M. and Geer, A. J. and Haimberger, L. and Healy, S. B. and Hersbach, H. and Hólm, E. V. and Isaksen, L. and Kållberg, P. and Köhler, M. and Matricardi, M. and McNally, A. P. and Monge-Sanz, B. M. and Morcrette, J.-J. and Park, B.-K. and Peubey, C. and de Rosnay, P. and Tavolato, C. and Thépaut, J.-N. and Vitart, F.},
    title = {The ERA-Interim reanalysis: configuration and performance of the data assimilation system},
    journal = {Quarterly Journal of the Royal Meteorological Society},
    volume = {137},
    number = {656},
    publisher = {John Wiley & Sons, Ltd.},
    issn = {1477-870X},
    url = {http://dx.doi.org/10.1002/qj.828},
    doi = {10.1002/qj.828},
    pages = {553--597},
    keywords = {ERA-40, 4D-Var, hydrological cycle, stratospheric circulation, observations, forecast model},
    year = {2011},
}

@article{dicapua-2016,
    author={Giorgia Di Capua and Dim Coumou},
    title={Changes in meandering of the Northern Hemisphere circulation},
    journal={Environmental Research Letters},
    volume={11},
    number={9},
    pages={094028},
    url={http://stacks.iop.org/1748-9326/11/i=9/a=094028},
    year={2016}
}

@article{dijkstra-1959,
    title={A note on two problems in connexion with graphs},
    author={Dijkstra, Edsger W},
    journal={Numerische Mathematik},
    volume={1},
    number={1},
    pages={269--271},
    year={1959},
    publisher={Springer}
}

@Manual{doParallel-2015,
    title = {doParallel: Foreach Parallel Adaptor for the 'parallel' Package},
    author = {Revolution Analytics and Steve Weston},
    year = {2015},
    note = {R package version 1.0.10},
    url = {https://CRAN.R-project.org/package=doParallel},
}

@Manual{dplyr,
    title = {dplyr: A Grammar of Data Manipulation},
    author = {Hadley Wickham and Romain Francois and Lionel Henry and Kirill Müller},
    year = {2017},
    note = {R package version 0.7.2},
    url = {https://CRAN.R-project.org/package=dplyr},
  }

@Manual{ecmwfapi,
    title = {Python client for ECMWF web services API},
    author = {ECMWF},
    year = {2017},
    url = {https://software.ecmwf.int/wiki/display/WEBAPI/Access+ECMWF+Public+Datasets},
    note = {library version 1.4.3},
}

@Manual{foreach-2015,
    title = {foreach: Provides Foreach Looping Construct for R},
    author = {Revolution Analytics and Steve Weston},
    year = {2015},
    note = {R package version 1.4.3},
    url = {https://CRAN.R-project.org/package=foreach},
}

@article{francis-2012,
    author = {Francis, Jennifer~A. and Vavrus, Stephen~J.},
    title = {Evidence linking Arctic amplification to extreme weather in mid-latitudes},
    journal = {Geophysical Research Letters},
    volume = {39},
    number = {6},
    issn = {1944-8007},
    url = {http://dx.doi.org/10.1029/2012GL051000},
    doi = {10.1029/2012GL051000},
    pages = {n/a--n/a},
    keywords = {Sea ice, Cryospheric change, Climate change and variability, Ocean/atmosphere interactions, Arctic amplification, extreme weather, sea ice},
    year = {2012},
    note = {L06801},
}

@article{francis-2015,
    author={Jennifer~A. Francis and Stephen~J. Vavrus},
    title={Evidence for a wavier jet stream in response to rapid Arctic warming},
    journal={Environmental Research Letters},
    volume={10},
    number={1},
    pages={014005},
    url={http://stacks.iop.org/1748-9326/10/i=1/a=014005},
    year={2015}
}

@article{garfinkel-2013,
    author    = {Cahim~I. Garfinkel and Darryn~W. Waugh},
    title     = {The Effect of Troposheric Jet Latitude on Coupling between the Stratospheric Polar Vortex and the Troposphere},
    journal   = {Journal of Climate},
    volume   = {26},
    pages    = {2077-2094},
    year      = {2013},
    month    = {March},
}

@Book{ggplot2-2009,
    author = {Hadley Wickham},
    title = {ggplot2: Elegant Graphics for Data Analysis},
    publisher = {Springer-Verlag New York},
    year = {2009},
    isbn = {978-0-387-98140-6},
    url = {http://ggplot2.org},
}

@article{gleick-2014,
    title={Water, drought, climate change, and conflict in Syria},
    author={Gleick, Peter H},
    journal={Weather, Climate, and Society},
    volume={6},
    number={3},
    pages={331--340},
    year={2014}
}

@article{hovmoeller-1949,
    author    = {Ernest Hovmöller},
    title     = {The Trough-and-Ridge diagram},
    journal   = {Tellus Series A: Dynamic Meteorology and Oceanography},
    volume   = {1},
    number   = {2},
    pages    = {62-66},
    year      = {1949},
    month    = {May},
}

@Article{igraph-2006,
    title = {The igraph software package for complex network research},
    author = {Gabor Csardi and Tamas Nepusz},
    journal = {InterJournal},
    volume = {Complex Systems},
    pages = {1695},
    year = {2006},
    url = {http://igraph.org},
}

@book{ipcc-2014,
    author = {IPCC},
    title = {Climate Change 2014: Synthesis Report. Contribution of Working Groups I, II and III to the Fifth Assessment Report of the Intergovernmental Panel on Climate Change},
    publisher = {Cambridge University Press},
    address = {Cambridge, United Kingdom and New York, NY, USA},
    year = {2014},
    type = {Book}
}

@book{ipcc-wg1-2013,
    author = {IPCC},
    title = {Climate Change 2013: The Physical Science Basis. Contribution of Working Group I to the Fifth Assessment Report of the Intergovernmental Panel on Climate Change},
    publisher = {Cambridge University Press},
    address = {Cambridge, United Kingdom and New York, NY, USA},
    pages = {1535},
    ISBN = {ISBN 978-1-107-66182-0},
    DOI = {10.1017/CBO9781107415324},
    url = {www.climatechange2013.org},
    year = {2013},
    type = {Book}
}

@book{ipcc-wg2-2014,
    author = {IPCC},
    title = {Climate Change 2014: Impacts, Adaptation, and Vulnerability. Contribution of Working Group II to the Fifth Assessment Report of the Intergovernmental Panel on Climate Change},
    publisher = {Cambridge University Press},
    address = {Cambridge, United Kingdom and New York, NY, USA},
    year = {2014},
    type = {Book}
}

@book{ipcc-wg3-2014,
    author = {IPCC},
    title = {Climate Change 2014: Mitigation of Climate Change. Contribution of Working Group III to the Fifth Assessment Report of the Intergovernmental Panel on Climate Change},
    publisher = {Cambridge University Press},
    address = {Cambridge, United Kingdom and New York, NY, USA},
    year = {2014},
    type = {Book},
}

@article{karl-1996,
    title={Indices of climate change for the United States},
    author={Karl, Thomas R and Knight, Richard W and Easterling, David R and Quayle, Robert G},
    journal={Bulletin of the American Meteorological Society},
    volume={77},
    pages={279--292},
    year={1996}
}

@article{kornhuber-2016,
    title={Evidence for wave resonance as a key mechanism for generating high-amplitude quasi-stationary waves in boreal summer},
    author={Kornhuber, K and Petoukhov, V and Petri, S and Rahmstorf, S and Coumou, D},
    journal={Climate Dynamics},
    volume={49},
    number={5-6},
    pages={1961--1979},
    year={2017},
    publisher={Springer},
}

@article{kruskal-1956,
    title={On the shortest spanning subtree of a graph and the traveling salesman problem},
    author={Kruskal, Joseph B},
    journal={Proceedings of the American Mathematical society},
    volume={7},
    number={1},
    pages={48--50},
    year={1956},
    publisher={JSTOR},
}

@Article{lubridate-2011,
    title = {Dates and Times Made Easy with {lubridate}},
    author = {Garrett Grolemund and Hadley Wickham},
    journal = {Journal of Statistical Software},
    year = {2011},
    volume = {40},
    number = {3},
    pages = {1--25},
    url = {http://www.jstatsoft.org/v40/i03/},
}

@article{molnos-2017,
    title={A network-based detection scheme for the jet stream core},
    author={Molnos, Sonja and Mamdouh, Tarek and Petri, Stefan and Nocke, Thomas and Weinkauf, Tino and Coumou, Dim},
    journal={Earth System Dynamics},
    volume={8},
    number={1},
    pages={75},
    year={2017}
}

@Manual{ncdf4-2017,
    title = {ncdf4: Interface to Unidata netCDF (Version 4 or Earlier) Format Data Files},
    author = {David Pierce},
    year = {2017},
    note = {R package version 1.16},
    url = {https://CRAN.R-project.org/package=ncdf4},
}

@article{screen-2013,
    author = {James A. Screen and Ian Simmonds and Clara Deser and Robert Tomas},
    title = {The Atmospheric Response to Three Decades of Observed Arctic Sea Ice Loss},
    journal = {Journal of Climate},
    volume = {26},
    number = {4},
    pages = {1230-1248},
    year = {2013},
    doi = {10.1175/JCLI-D-12-00063.1},
    URL = {https://doi.org/10.1175/JCLI-D-12-00063.1}
}

@book{spanier-1987,
    title={An atlas of functions},
    author={Spanier, Jerome and Oldham, Keith B.},
    year={1987},
    publisher={Taylor \& Francis/Hemisphere},
}

@article{palmer-2014,
    title={Record-breaking winters and global climate change},
    author={Palmer, Tim},
    journal={Science},
    volume={344},
    number={6186},
    pages={803--804},
    year={2014},
    publisher={American Association for the Advancement of Science},
}

@article{petoukhov-2013,
    author    = {Petoukhov, Vladimir and Rahmstorf, Stefan and Petri, Stefan and Schnellnbuber, Hans Joachim},
    title     = {Quasiresonant amplification of planetary waves and recent Northern Hemisphere weather extremes},
    journal   = {PNAS},
    volume   = {110},
    number   = {14},
    pages    = {5536-5341},
    year      = {2013},
    month    = {April},
}

@Book{python-2016,
    title = {A Whirlwind Tour of Python},
    author = {Jake VanderPlas (O’Reilly)},
    year = {2016},
    isbn = {978-1-491-96465-1},
    publisher = {O’Reilly Media, Inc.},
}

@Manual{R-2017,
    title        = {R: A Language and Environment for Statistical Computing},
    author       = {{R Core Team}},
    organization = {R Foundation for Statistical Computing},
    address      = {Vienna, Austria},
    year         = 2017,
    url          = {https://www.R-project.org}
}

@Article{reshape2-2007,
    title = {Reshaping Data with the {reshape} Package},
    author = {Hadley Wickham},
    journal = {Journal of Statistical Software},
    year = {2007},
    volume = {21},
    number = {12},
    pages = {1--20},
    url = {http://www.jstatsoft.org/v21/i12/},
}

@article{rikus-2015,
    author = {Lawrie Rikus},
    title = {A simple climatology of westerly jet streams in global reanalysis datasets part 1: mid-latitude upper tropospheric jets},
    journal={Climate Dynamics},
    pages={1--26},
    year={2015},
    publisher={Springer},
}

@Manual{rootSolve-2009,
    title = {rootSolve: Nonlinear root finding, equilibrium and steady-state analysis of ordinary differential equations},
    year = {2009},
    author = {Karline Soetaert},
    note = {R package version 1.6},
} 

@Manual{rstudio-2016,
    title = {RStudio: Integrated Development Environment for R},
    author = {{RStudio Team}},
    organization = {RStudio, Inc.},
    address = {Boston, MA},
    year = {2016},
    url = {http://www.rstudio.com/},
}

@misc{sii-2016,
    title={Sea Ice Index, Version 2},
    author={Fetterer, F. and Knowles, K. and Meier, W and Savoie, M. and Windnagel, A. K.},
    year={2016},
    publisher={NSIDC: National Snow and Ice Data Center},
    url = {https://nsidc.org/data/g02135/},
    doi = {10.7265/N5736NV7},
    note= {Zugriff am 01.07.2017},
}

@article{trenberth-2014,
    title={Seasonal aspects of the recent pause in surface warming},
    author={Trenberth, Kevin E and Fasullo, John T and Branstator, Grant and Phillips, Adam S},
    journal={Nature Climate Change},
    volume={4},
    number={10},
    pages={911--916},
    year={2014},
    publisher={Nature Research},
}

@article {uppala-2005,
    author = {Uppala, S. M. and KÅllberg, P. W. and Simmons, A. J. and Andrae, U. and Bechtold, V. Da Costa and Fiorino, M. and Gibson, J. K. and Haseler, J. and Hernandez, A. and Kelly, G. A. and Li, X. and Onogi, K. and Saarinen, S. and Sokka, N. and Allan, R. P. and Andersson, E. and Arpe, K. and Balmaseda, M. A. and Beljaars, A. C. M. and Berg, L. Van De and Bidlot, J. and Bormann, N. and Caires, S. and Chevallier, F. and Dethof, A. and Dragosavac, M. and Fisher, M. and Fuentes, M. and Hagemann, S. and Hólm, E. and Hoskins, B. J. and Isaksen, L. and Janssen, P. A. E. M. and Jenne, R. and Mcnally, A. P. and Mahfouf, J.-F. and Morcrette, J.-J. and Rayner, N. A. and Saunders, R. W. and Simon, P. and Sterl, A. and Trenberth, K. E. and Untch, A. and Vasiljevic, D. and Viterbo, P. and Woollen, J.},
    title = {The ERA-40 re-analysis},
    journal = {Quarterly Journal of the Royal Meteorological Society},
    volume = {131},
    number = {612},
    publisher = {John Wiley & Sons, Ltd.},
    issn = {1477-870X},
    url = {http://dx.doi.org/10.1256/qj.04.176},
    doi = {10.1256/qj.04.176},
    pages = {2961--3012},
    keywords = {Data assimilation, Numerical weather prediction, Observing system},
    year = {2005},
}

@article{wallace-2014,
    author    = {John~M. Wallace and Isaac~M. Held and David W.~J. Thompson and Kevin~E. Trenberth and John~E. Walsh},
    title     = {Global Warming and Winter Weather},
    journal   = {Science},
    volume   = {343},
    number   = {},
    pages    = {729-730},
    year      = {2014},
    month    = {February},
}

@book{wmo-1958,
    title={Observational Characteristics of the Jet Stream: A Survey of the Literature},
    institution="{Commission for Aerology}",
    editor={R Berggren and W J Gibbs and C W Newton},
    year={1958},
    publisher={Secretariat of the World Meteorological Organization}
}

@article{wmo-ghg-2017,
    title={The State of Greenhouse Gases in the Atmosphere Based on Global Observations through 2016},
    author={{World Meteorological Organization}},
    journal={Greenhouse Gas Bulletin},
    number={13},
    year={2017},
    issn={2078-0796}
}
